% Encoding: UTF-8
@article{Pastor_satorras2014,
  author= {Romualdo Pastor-Satorras and Claudio Castellano and Piet Van Mieghem and Alessandro Vespignani},
  title        = {Epidemic processes in complex networks},
  date         = {2014-08-12},
  doi          = {10.1103/RevModPhys.87.925},
  eprint       = {1408.2701v2},
  eprintclass  = {physics.soc-ph},
  eprinttype   = {arXiv},
  file         = {online:http\://arxiv.org/pdf/1408.2701v2:PDF},
  journaltitle = {Rev. Mod. Phys. 87, 925 (2015)},
  keywords     = {physics.soc-ph, cond-mat.stat-mech, cs.SI, q-bio.PE},
}

@Article{PastorSatorras2001EpidemicSI,
  author  = {Romualdo Pastor-Satorras and Alessandro Vespignani},
  title   = {Epidemic spreading in scale-free networks.},
  journal = {Physical review letters},
  year    = {2001},
  volume  = {86 14},
  pages   = {3200-3},
}

@InProceedings{Tambuscio15,
  author    = {Marcella Tambuscio and Giancarlo Ruffo and Alessandro Flammini and Filippo Menczer},
  title     = {Fact-checking Effect on Viral Hoaxes: A Model of Misinformation Spread in Social Networks},
  booktitle = {WWW},
  year      = {2015},
}


@Article{RevModPhys.74.47,
  author    = {Albert, R\'eka and Barab\'asi, Albert-L\'aszl\'o},
  title     = {Statistical mechanics of complex networks},
  journal   = {Rev. Mod. Phys.},
  year      = {2002},
  volume    = {74},
  pages     = {47--97},
  month     = {Jan},
  doi       = {10.1103/RevModPhys.74.47},
  issue     = {1},
  numpages  = {0},
  publisher = {American Physical Society},
  url       = {https://link.aps.org/doi/10.1103/RevModPhys.74.47},
}

@article{murray1977stochastic,
  title={A stochastic model for measles epidemics in a multi-region setting},
  author={Murray, GD and Cliff, Andrew D},
  journal={Transactions of the Institute of British Geographers},
  pages={158--174},
  year={1977},
  publisher={JSTOR}
}

@article{haccoubranching,
  title={Branching Processes: Variation, Growth, and Extinction of Populations, 2005},
  author={Haccou, P and Jagers, P and Vatutin, VA},
  journal={Cambridge U. Press, Cambridge}
}

@misc{pewSocial,
title={Social Media Fact Sheet},
publisher={Pew Research Center for Internet and Technology},
howpublished={\url{https://www.pewinternet.org/fact-sheet/social-media/}}
}

@misc{usCensus,
title={Quick Facts United States},
publisher={U.S. Census Bureau},
howpublished={\url{https://www.census.gov/quickfacts/fact/table/US/IPE120217}}
}

@inproceedings{Montalan19,
  title={Measles Metapopulation Modeling using Ideal Flow of Transportation Networks},
  author={Jann Railey Montalan and Maria Regina Justina E. Estuar and Kardi Teknomo and Roselle Wednesday Gardon},
  booktitle={ICSIM 2019},
  year={2019}
}

@article{Huang08,
  title={A new SEIR epidemic model with applications to the theory of eradication and control of diseases, and to the calculation of R0.},
  author={Shiqiang Huang},
  journal={Mathematical biosciences},
  year={2008},
  volume={215 1},
  pages={
          84-104
        }
}



@inproceedings{Steiger2005TUTORIALOA,
  title={TUTORIAL ON AGENT-BASED MODELING AND SIMULATION},
  author={Natalie M. Steiger and F. Bradley Armstrong and Jeffrey A. Joines},
  year={2005}
}

@article{Kalhori2019StudyingTI,
  title={Studying the influence of mass media and environmental factors on influenza virus transmission in the US Midwest.},
  author={Sharareh R Niakan Kalhori and Marzeah Ghazisaeedi and Ronak Azizi and Aran Naserpour},
  journal={Public health},
  year={2019},
  volume={170},
  pages={
          17-22
        }
}

@inproceedings{Zhan2019RealTimeFO,
  title={Real-Time Forecasting of Hand-Foot-and-Mouth Disease Outbreaks using the Integrating Compartment Model and Assimilation Filtering},
  author={Zhicheng Zhan and Weihua Dong and Yongmei Lu and Peng Yang and Quanyi Wang and Peng Jia},
  booktitle={Scientific Reports},
  year={2019}
}

@article{Nowzari2016AnalysisAC,
  title={Analysis and Control of Epidemics: A Survey of Spreading Processes on Complex Networks},
  author={Cameron Nowzari and Victor M. Preciado and George J. Pappas},
  journal={IEEE Control Systems},
  year={2016},
  volume={36},
  pages={26-46}
}

@article{ferrari2008dynamics,
  title={The dynamics of measles in sub-Saharan Africa},
  author={Ferrari, Matthew J and Grais, Rebecca F and Bharti, Nita and Conlan, Andrew JK and Bj{\o}rnstad, Ottar N and Wolfson, Lara J and Guerin, Philippe J and Djibo, Ali and Grenfell, Bryan T},
  journal={Nature},
  volume={451},
  number={7179},
  pages={679},
  year={2008},
  publisher={Nature Publishing Group}
}

@article{bartlett1960critical,
  title={The critical community size for measles in the United States},
  author={Bartlett, MS},
  journal={Journal of the Royal Statistical Society: Series A (General)},
  volume={123},
  number={1},
  pages={37--44},
  year={1960},
  publisher={Wiley Online Library}
}

@article{usCensus2010,
title={Population Trends in Incorporated Places:2000 to 2013 Population Estimates and Projections},
author={Cohen, Darryl T. and  Hatchard, Geoffrey W. and  Wilson, Steven G.},
journal={Current Population Reports},
publisher={United States Census Bureau},
year={2015}
}

@misc{measlesIncidence,
title={Distribution of Measles Cases by Country and by Month, 2011-2019},
publisher={Wolrd Health Organization},
howpublished={\url{https://www.who.int/immunization/monitoring_surveillance/burden/vpd/surveillance_type/active/Table_407_Web_Number_Measles_Cases_Month_2019-03-07.xlsx?ua=1}}
}

@misc{vaxCoverage,
title={Reported Official Target Population, Number of Doses Administrered and Official Coverage},
publisher={Wolrd Health Organization},
howpublished={\url{http://www.who.int/entity/immunization/monitoring_surveillance/data/coverage_series.xls?ua=1}}
}

@article{Hethcote2000TheMO,
  title={The Mathematics of Infectious Diseases},
  author={Herbert W. Hethcote},
  journal={SIAM Review},
  year={2000},
  volume={42},
  pages={599-653}
}

@article{Tambuscio2018NetworkSI,
  title={Network segregation in a model of misinformation and fact checking},
  author={Marcella Tambuscio and Diego F. M. Oliveira and Giovanni Luca Ciampaglia and Giancarlo Ruffo},
  journal={CoRR},
  year={2018},
  volume={abs/1610.04170}
}

@inproceedings{Budak2011LimitingTS,
  title={Limiting the spread of misinformation in social networks},
  author={Ceren Budak and Divyakant Agrawal and Amr El Abbadi},
  booktitle={WWW},
  year={2011}
}
@book{pinkbookMeasles,
    title={Epidemiology and Prevention of Vaccine-Preventable Disease},
    chapter={13},
    author={Centers for Disease Control},
    howpublished={\url{https://www.cdc.gov/vaccines/pubs/pinkbook/meas.html}}
}


@article{Durrheim2014Elsevier,
    author  ={David N. Durrheim and Natasha S. Crowcroft and Peter M. Strebel},
    title   ={Measles- The epidemiology of elimination},
    journal ={Vaccine},
    publisher={Elsevier},
    year    ={2014},
    month   ={November},
    volume  ={32},
    pages   ={6880-3},
}

@article{Jasem2012Elsevier,
    author  ={Jagar Jasem and Kawa Marof and Adnan Nawar and K.M. Monirul Islam},
    title   ={Epidemiological analysis of measles and evaluation of measles surveillance system performance in Iraq, 2005–2010},
    journal ={International Journal of Infectious Diseases},
    publisher={Elsevier},
    year    ={2012},
    pages   ={e166-71},
}
@article{Mcbrein2003,
    author  ={Jacqueline Mcbrien and John Murphy and Denis Gill and Mary Cronin and Catherine O’Donovan and Mary T. Cafferkey},
    title   ={Measles outbreak in Dublin, 2000},
    journal ={Pediatr Infect Dis Journal},
    publisher={Lippincott Williams & Wilkins, Inc.},
    year    ={2003},
    volume  ={22},
    pages   ={580-4},
}
@article{Sugarman2010,
    author  ={David E. Sugerman and Albert E. Barskey and Maryann G. Delea and Ismael R. Ortega-Sanchez and Daoling Bi and Kimberly J. Ralston and Paul A. Rota and Karen Waters-Montijo and Charles W. LeBaron},
    title   ={Measles Outbreak in a Highly Vaccinated Population, San Diego, 2008: Role of the Intentionally Undervaccinated},
    journal ={Pediatrics},
    publisher={American Academy of Pediatrics},
    year    ={2010},
    volume  ={125},
    pages   ={580-4},
}
@misc{JamesR0,
    author  ={James Holland Jones },
    title   ={Notes On R_0},
    organization={Stanford University},
    year    ={2007},
}
@inproceedings{Li2011TheFO,
  title={The Failure of R0},
  author={Jing Li and Daniel Blakeley and Robert J. Smith},
  booktitle={Comp. Math. Methods in Medicine},
  year={2011}
}
