@article{Hethcote2000TheMO,
  title={The Mathematics of Infectious Diseases},
  author={Herbert W. Hethcote},
  journal={SIAM Review},
  year={2000},
  volume={42},
  pages={599-653}
}

@article{Tambuscio2018NetworkSI,
  title={Network segregation in a model of misinformation and fact checking},
  author={Marcella Tambuscio and Diego F. M. Oliveira and Giovanni Luca Ciampaglia and Giancarlo Ruffo},
  journal={CoRR},
  year={2018},
  volume={abs/1610.04170}
}

@inproceedings{Budak2011LimitingTS,
  title={Limiting the spread of misinformation in social networks},
  author={Ceren Budak and Divyakant Agrawal and Amr El Abbadi},
  booktitle={WWW},
  year={2011}
}

@article{PastorSatorras2014EpidemicPI,
  title={Epidemic processes in complex networks},
  author={Romualdo Pastor-Satorras and Claudio Castellano and Piet Van Mieghem and Alessandro Vespignani},
  journal={CoRR},
  year={2014},
  volume={abs/1408.2701}
}

