@article{Hethcote2000TheMO,
  title={The Mathematics of Infectious Diseases},
  author={Herbert W. Hethcote},
  journal={SIAM Review},
  year={2000},
  volume={42},
  pages={599-653}
}

@article{Tambuscio2018NetworkSI,
  title={Network segregation in a model of misinformation and fact checking},
  author={Marcella Tambuscio and Diego F. M. Oliveira and Giovanni Luca Ciampaglia and Giancarlo Ruffo},
  journal={CoRR},
  year={2018},
  volume={abs/1610.04170}
}

@article{Lo2017PublicHA,
  title={Public Health and Economic Consequences of Vaccine Hesitancy for Measles in the United States.},
  author={Nathan C Lo and Peter Jay Hotez},
  journal={JAMA pediatrics},
  year={2017},
  volume={171 9},
  pages={
          887-892
        }
}


@article{Salath2008TheEO,
  title={The effect of opinion clustering on disease outbreaks.},
  author={Marcel Salath{\'e} and Sebastian Bonhoeffer},
  journal={Journal of the Royal Society, Interface},
  year={2008},
  volume={5 29},
  pages={
          1505-8
        }
}

@inproceedings{Schmid2017BarriersOI,
  title={Barriers of Influenza Vaccination Intention and Behavior – A Systematic Review of Influenza Vaccine Hesitancy, 2005 – 2016},
  author={Philipp Schmid and Dorothee Rauber and Cornelia Betsch and Gianni Lidolt and Marie-Luisa Denker},
  booktitle={PloS one},
  year={2017}
}

@article{Dub2013VaccineHA,
  title={Vaccine hesitancy: an overview.},
  author={{\`E}ve Dub{\'e} and Caroline Laberge and Maryse Guay and Paul Bramadat and R{\'e}al Roy and Julie A. Bettinger},
  journal={Human vaccines & immunotherapeutics},
  year={2013},
  volume={9 8},
  pages={
          1763-73
        }
}

@inproceedings{Hunter2018ACO,
  title={A Comparison of Agent-Based Models and Equation Based Models for Infectious Disease Epidemiology},
  author={Elizabeth Hunter and Brian Mac Namee and John D. Kelleher},
  booktitle={AICS},
  year={2018}
}

@inproceedings{Budak2011LimitingTS,
  title={Limiting the spread of misinformation in social networks},
  author={Ceren Budak and Divyakant Agrawal and Amr El Abbadi},
  booktitle={WWW},
  year={2011}
}

@article{PastorSatorras2014EpidemicPI,
  title={Epidemic processes in complex networks},
  author={Romualdo Pastor-Satorras and Claudio Castellano and Piet Van Mieghem and Alessandro Vespignani},
  journal={CoRR},
  year={2014},
  volume={abs/1408.2701}
}

